% ONLINE REFS
@online{File,
    title = {Computer File},
    url = {https://en.wikipedia.org/wiki/Computer_file},
    urldate = {2022-12-07},
}

@online{PolyglotFile,
    title = {Polyglot},
    url = {https://en.wikipedia.org/wiki/Polyglot_(computing)#:~:text=In%20computing%2C%20a%20polyglot%20is,two%20or%20more%20different%20formats.},
    urldate = {2022-12-07},
}

@online{Preview,
    title = {Preview},
    url = {https://en.wikipedia.org/wiki/Preview_(macOS)},
    urldate = {2022-12-07},
}

@online{Ange-Albertini,
    title = {Funky File Formats},
    url = {https://www.youtube.com/watch?v=hdCs6bPM4is},
    urldate = {2022-12-07},
}

@online{Uber,
    title = {Uber Hack},
    url = {https://www.forbes.com/sites/daveywinder/2022/09/18/has-uber-been-hacked-company-investigates-cybersecurity-incident-as-law-enforcement-alerted/?sh=763cd7bd6056},
    urldate = {2022-12-07},
}

@online{Rockstar,
    title = {Rockstar Hack},
    url = {https://www.theguardian.com/games/2022/sep/19/grand-theft-auto-6-leak-who-hacked-rockstar-and-what-was-stolen},
    urldate = {2022-12-07},
}

@online{Ange2,
    title = {Generating wierd files},
    url = {https://www.youtube.com/watch?v=1VHUwzKAKQI&t=1248s},
    urldate = {2022-12-08},
}

@online{PDF,
    title = {PDF specification},
    url = {https://opensource.adobe.com/dc-acrobat-sdk-docs/standards/pdfstandards/pdf/PDF32000_2008.pdf},
    urldate = {2022-12-08},
}

@online{PDF-Stream,
    title = {PDF Stream},
    url = {https://www.oreilly.com/library/view/developing-with-pdf/9781449327903/ch01.html},
    urldate = {2022-12-08},
}

@online{zip,
    title = {ZIP},
    url = {https://en.wikipedia.org/wiki/ZIP_%28file_format%29},
    urldate = {2022-12-09},
}

@online{Ange3,
    title = {AngeCryption},
    url = {https://www.youtube.com/watch?v=wbHkVZfCNuE},
    urldate = {2022-12-09},
}

@online{png,
    title = {Png},
    url = {https://en.wikipedia.org/wiki/Portable_Network_Graphics},
    urldate = {2022-12-10},
}

@online{jpeg,
    title = {JPEG},
    url = {https://en.wikipedia.org/wiki/JPEG},
    urldate = {2022-12-10},
}

@online{gif,
    title = {GIF},
    url = {https://en.wikipedia.org/wiki/GIF#:~:text=The%20format%20supports%20up%20to,256%20colors%20for%20each%20frame.},
    urldate = {2022-12-10},
}

@online{mp3,
    title = {MP3},
    url = {https://en.wikipedia.org/wiki/ID3},
    urldate = {2022-12-11},
}

@online{wasm,
    title = {WASM},
    url = {https://webassembly.github.io/spec/core/index.html},
    urldate = {2022-12-11},
}

@online{nes,
    title = {NES},
    url = {https://www.nesdev.org/wiki/INES},
    urldate = {2022-12-11},
}

@online{iso,
    title = {ISO},
    url = {https://en.wikipedia.org/wiki/Optical_disc_image},
    urldate = {2022-12-11},
}

@online{cbc,
    title = {Cipher block modes},
    url = {https://en.wikipedia.org/wiki/Block_cipher_mode_of_operation},
    urldate = {2022-12-11},
}
